@article{shatri2020optical,
  title   = {Optical music recognition: State of the art and major challenges},
  author  = {Shatri, Elona and Fazekas, Gy{\"o}rgy},
  journal = {arXiv preprint arXiv:2006.07885},
  year    = {2020}
}

@article{dos2009staff,
  title     = {Staff detection with stable paths},
  author    = {dos Santos Cardoso, Jaime and Capela, Artur and Rebelo, Ana and Guedes, Carlos and da Costa, Joaquim Pinto},
  journal   = {IEEE Transactions on Pattern Analysis and Machine Intelligence},
  volume    = {31},
  number    = {6},
  pages     = {1134--1139},
  year      = {2009},
  publisher = {IEEE}
}